
@misc{sandoz-personal-communication,
  author = {Paul Sandoz},
  title = "Personal communication",
  year = 2015
}

@misc{psandoz14,
  author = {Paul Sandoz},
  title = {Safety Not Guaranteed: sun.misc.{Unsafe} and the quest for safe alternatives},
  howpublished = "\url{http://cr.openjdk.java.net/~psandoz/dv14-uk-paul-sandoz-unsafe-the-situation.pdf}",
  year = {2014}, 
  note = {{Oracle Inc. [Online; accessed 29-January-2015]}},
}

@misc{jep193,
  author = {Doug Lea},
  title = {{JEP 193: Enhanced Volatiles}},
  howpublished = "\url{http://openjdk.java.net/jeps/193}",
  year = {2014},
}

@misc{jep189,
  author = {Christine H. Flood, Roman Kennke},
  title = {{JEP 189: Shenandoah: An Ultra-Low-Pause-Time Garbage Collector}},
  howpublished = "\url{http://openjdk.java.net/jeps/189}",
  year = {2014},
}

@misc{valuetypes,
  author = {John Rose and Brian Goetz and Guy Steele},
  title = {{State of the Values}},
  howpublished = "\url{http://cr.openjdk.java.net/~jrose/values/values-0.html}",
  year = {2014},
}

@misc{arrays20,
  author = {John R. Rose},
  title = {{Arrays 2.0}},
  howpublished = "\url{http://cr.openjdk.java.net/~jrose/pres/201207-Arrays-2.pdf}",
  year = {2012},
}

@misc{layouts,
  author = {OpenJDK},
  title = {{Project Sumatra}},
  howpublished = "\url{http://openjdk.java.net/projects/sumatra/}",
  year = {2013},
}

@misc{panama,
  author = {John R. Rose},
  title = {{The isthmus in the VM}},
  howpublished = "\url{https://blogs.oracle.com/jrose/entry/the_isthmus_in_the_vm}",
  year = {2014},
}

@misc{jep191,
  author = {Charles Oliver Nutter},
  title = {{JEP 191: Foreign Function Interface}},
  howpublished = "\url{http://openjdk.java.net/jeps/191}",
  year = {2014},
}
